<mx:record xmlns="http://www.w3.org/TR/xhtml1/strict" xmlns:mx="http://www.loc.gov/MARC21/slim" xmlns:xsi="http://www.w3.org/2001/XMLSchema-instance"><mx:leader>00000cz   2200000n  4500</mx:leader><mx:controlfield tag="001">oca02410872 </mx:controlfield><mx:controlfield tag="005">19991104165033.0</mx:controlfield><mx:controlfield tag="008">881123n| acannaab           |a aaa      </mx:controlfield><mx:datafield ind1=" " ind2=" " tag="010"><mx:subfield code="a">n  88141974 </mx:subfield></mx:datafield><mx:datafield ind1=" " ind2=" " tag="040"><mx:subfield code="a">DLC</mx:subfield><mx:subfield code="c">DLC</mx:subfield><mx:subfield code="d">NjP</mx:subfield><mx:subfield code="d">DLC</mx:subfield></mx:datafield><mx:datafield ind1="0" ind2=" " tag="100"><mx:subfield code="a">Andocides,</mx:subfield><mx:subfield code="d">ca. 440-ca. 390 B.C.</mx:subfield></mx:datafield><mx:datafield ind1="0" ind2=" " tag="400"><mx:subfield code="a">Andokides,</mx:subfield><mx:subfield code="d">ca. 440-ca. 390 B.C.</mx:subfield></mx:datafield><mx:datafield ind1="0" ind2=" " tag="400"><mx:subfield code="a">Andocide,</mx:subfield><mx:subfield code="d">ca. 440-ca. 390 B.C.</mx:subfield></mx:datafield><mx:datafield ind1="0" ind2=" " tag="400"><mx:subfield code="a">Pseudo-Andocide,</mx:subfield><mx:subfield code="d">ca. 440-ca. 390 B.C.</mx:subfield></mx:datafield><mx:datafield ind1=" " ind2=" " tag="670"><mx:subfield code="a">His On the mysteries, 1989, c1962:</mx:subfield><mx:subfield code="b">CIP t.p. (Andokides)</mx:subfield></mx:datafield><mx:datafield ind1=" " ind2=" " tag="670"><mx:subfield code="a">Oxford classical dict., 1970</mx:subfield><mx:subfield code="b">(Andocides, ca. 440-ca. 390 B.C.)</mx:subfield></mx:datafield><mx:datafield ind1=" " ind2=" " tag="670"><mx:subfield code="a">Contro Alcibiade, c1995:</mx:subfield><mx:subfield code="b">t.p. (Andocide)</mx:subfield></mx:datafield><mx:datafield ind1=" " ind2=" " tag="670"><mx:subfield code="a">Contro Alcibiade, c1999:</mx:subfield><mx:subfield code="b">t.p. (Pseudo-Andocide)</mx:subfield></mx:datafield><mx:datafield ind1=" " ind2=" " tag="999"><mx:subfield code="a">9639.6755</mx:subfield></mx:datafield></mx:record>